<?xml version="1.0" encoding="UTF-8"?><collection xmlns="http://www.loc.gov/MARC21/slim"><record><leader>00542nam--2200193-i-4500</leader><controlfield tag="001">000037499</controlfield><controlfield tag="002">20161230</controlfield><controlfield tag="005">20161230201041</controlfield><controlfield tag="008">060222s1000------------r-----000-0-eng-d</controlfield><datafield ind1=" " ind2=" " tag="020"><subfield code="a">030645128X</subfield></datafield><datafield ind1=" " ind2=" " tag="040"><subfield code="a">IFIN-HH</subfield></datafield><datafield ind1=" " ind2=" " tag="080"><subfield code="a">530.14:621.382.7</subfield></datafield><datafield ind1="1" ind2=" " tag="100"><subfield code="a">Belavkin, V.P./S.A.</subfield></datafield><datafield ind1="1" ind2="0" tag="245"><subfield code="a">Quantum communications and measurement</subfield><subfield code="c">V.p. belavkin; o. hirota; r.l. hudson (eds.)</subfield></datafield><datafield ind1=" " ind2=" " tag="260"><subfield code="a">New York</subfield><subfield code="b">Plenum Press</subfield><subfield code="c">1995</subfield></datafield><datafield ind1=" " ind2=" " tag="300"><subfield code="a">XII + 532P</subfield></datafield><datafield ind1="1" ind2=" " tag="700"><subfield code="a">Hudson, R.L</subfield><subfield code="e">Ed</subfield></datafield><datafield ind1=" " ind2=" " tag="852"><subfield code="a">80797</subfield><subfield code="c">530.14</subfield></datafield><datafield ind1=" " ind2=" " tag="CAT"><subfield code="a">Sys</subfield><subfield code="c">20110324</subfield><subfield code="h">141755</subfield></datafield></record></collection>